<?xml version="1.0" encoding="UTF-8"?><collection xmlns="http://www.loc.gov/MARC21/slim"><record><leader>00521nam--2200193-i-4500</leader><controlfield tag="001">000029086</controlfield><controlfield tag="002">20161230</controlfield><controlfield tag="005">20161230201037</controlfield><controlfield tag="008">060222s1000------------r-----000-0-eng-d</controlfield><datafield ind1=" " ind2=" " tag="040"><subfield code="a">IFIN-HH</subfield></datafield><datafield ind1=" " ind2=" " tag="080"><subfield code="a">53</subfield></datafield><datafield ind1="1" ind2=" " tag="100"><subfield code="a">Wall, Clifford N</subfield></datafield><datafield ind1="1" ind2="0" tag="245"><subfield code="a">Physics laboratory manual</subfield><subfield code="c">Clifford n. wall, raphael b. levine</subfield></datafield><datafield ind1=" " ind2=" " tag="250"><subfield code="a">Second Edition</subfield></datafield><datafield ind1=" " ind2=" " tag="260"><subfield code="a">Englewood Cliffs</subfield><subfield code="b">Prentice-hall, Inc</subfield><subfield code="c">1962</subfield></datafield><datafield ind1=" " ind2=" " tag="300"><subfield code="a">VI + 298P</subfield></datafield><datafield ind1="1" ind2=" " tag="700"><subfield code="a">Levine, Raphael B</subfield></datafield><datafield ind1=" " ind2=" " tag="852"><subfield code="a">35419</subfield><subfield code="c">53.08</subfield></datafield><datafield ind1=" " ind2=" " tag="CAT"><subfield code="a">Sys</subfield><subfield code="c">20151029</subfield><subfield code="h">091403</subfield></datafield></record></collection>